<?xml version="1.0" encoding="UTF-8"?><collection xmlns="http://www.loc.gov/MARC21/slim"><record><leader>00346nam--2200121-i-4500</leader><controlfield tag="001">000050005</controlfield><controlfield tag="002">20161230</controlfield><controlfield tag="005">20161230201047</controlfield><controlfield tag="008">060222s1000------------r-----000-0-eng-d</controlfield><datafield ind1=" " ind2=" " tag="100"><subfield code="a">Badda,M.,Krampera,M.,Ctreic,V</subfield></datafield><datafield ind1=" " ind2=" " tag="245"><subfield code="a">Pkrimenenie avtomaticheskogo regulirovaniia v promyshlennosti</subfield></datafield><datafield ind1=" " ind2=" " tag="260"><subfield code="a">Moskva, Gostoptehizdat, 1960. 228 S</subfield></datafield><datafield ind1=" " ind2=" " tag="852"><subfield code="a">7692</subfield></datafield></record></collection>